% !tex root= main.tex
@inproceedings{domingos00:vfdt,
    author = {P. Domingos and G. Hulten},
    title = {Mining High-Speed Data Streams},
    booktitle = {Proceedings of the ACM KDD},
    year = {2000},
}

@inproceedings{breiman84:dt,
    author = {L. Breiman and J. H. Friedman and R. A. Olshen and C. J. Stone},
    title = {Classification and Regression Trees},
    booktitle = {},
    year = {1984},
}
@inproceedings{quinlan93:c45,
    author = {J. R. Quinlan},
    title = {C4.5: Programs for Machine Learning},
    booktitle = {},
    year = {1993},
}

@article{hoeffding63:bound,
    author = {W. Hoeffding},
    title = {Probability inequalities for sums of bounded random variables},
    booktitle = {Journal of the American Statistical Association},
    volume = {58},
    pages = {13--30},
    year = {1963},
}

@inproceedings{catlett91:thesis,
    author = {J. Catlett},
    title = {Megainduction: Machine Learning on Very Large Databases},
    booktitle = {PhD thesis, University of Sydney},
    year = {1991},
}

@inproceedings{mehta96:sliq,
    author = {M. Mehta and A. Agrawal and J. Rissanen},
    title = {SLIQ: A fast scalable classifier for data mining},
    booktitle = {Extending Database Technology},
    pages = {18--32},
    year = {1996},
}

@inproceedings{shafer96:sprint,
    author = {J. C. Shafer and R. Agrawal and M. Mehta},
    title = {SPRINT: A scalable parallel classifier for data mining},
    booktitle = {VLDB},
    pages = {544--555},
    year = {1996},
}

@inproceedings{aggarwal03:clustream,
    author = {C. Aggarwal and J. Han and J. Wang and P. Yu},
    title = {CluStream: A Framework for Clustering Evolving Data Streams},
    booktitle = {VLDB},
    year = {2003},
}

@inproceedings{aggarwal04:ondemand,
    author = {C. Aggarwal and J. Han and J. Wang and P. Yu},
    title = {On-Demand Classification of Data Stream},
    booktitle = {ACM KDD},
    pages = {503--508},
    year = {2004},
}

@inproceedings{hulten01:cvfdt,
    author = {G. Hulten and L. Spencer and P. Domingos},
    title = {Mining Time Changing Data Stream},
    booktitle = {ACM KDD},
    pages = {97--106},
    year = {2001},
}

@inproceedings{ding02:peanocount,
    author = {Q. Ding and Q. Ding and W. Perrizo},
    title = {Decision Tree Classification of Spatial Data Streams Using Peano Count Trees},
    booktitle = {ACM Symposium on Applied Computing},
    pages = {413--417},
    year = {2002},
}

@article{ganti02:gemm:focus,
    author = {Venkatesh Ganti and Johannes Gehrke and Raghu Ramakrishnan},
    title = {Mining Data Streams under Block Evolution},
    booktitle = {ACM SIGKDD},
    volume = {3},
    number = {2}, 
    pages = {1--10},
    year = {2002},
}

@article{last02:olin,
    author = {M. Last},
    title = {Online classification of Non-stationary Data Streams},
    booktitle = {Intelligent Data Analysis},
    volume = {6},
    number = {2}, 
    pages = {127--147},
    year = {2002},
}

@inproceedings{aggarwal03:condrift,
    author = {Charu C. Aggarwal},
    title = {A Framework for Diagnosing Changes in Evolving Data Streams},
    booktitle = {ACM SIDMOD},
    pages = {575--586},
    year = {2003},
}

@inproceedings{kifer04:condrift,
    author = {Daniel Kifer and Shai Ben-David and Johannes Gehrke},
    title = {Detecting Changes in Data Streams},
    booktitle = {VLDB},
    pages = {180--191},
    year = {2004},
}

@inproceedings{dasu05:condrift,
    author = {Tamraparni Dasu and Shankar Krishnan and Suresh Venkatasubramanian and Ke Yi},
    title = {An Information-Theoretic Approach to Detecting Changes in Multi-dimensional Data Streams},
    booktitle = {Duke University Technical Report CS-2005-06},
    pages = {180--191},
    year = {2004},
}



% fuer ensemble
@article{wolpert92:whyens,
    author = {D. H. Wolpert},
    title = {Stacked Generalization},
    booktitle = {Neural Networks},
    volume = {5},
    pages = {244--259},
    year = {1992},
}
@article{schapire90:whyens,
    author = {R. Schapire},
    title = {Strength of Weak Learnability},
    booktitle = {Machine Learning},
    volume = {5},
    number = {2}, 
    pages = {197--227},
    year = {1990},
}

@article{hansen90:ensNN,
    author = {L. K. Hansen and P. Salamo},
    title = {Neural network ensembles},
    booktitle = {IEEE Transaction on Pattern Analysis and Machine Intelligent},
    volume = {12},
    number = {10}, 
    pages = {993--1000},
    year = {1990},
}
@article{krogh95:ensNNcv,
    author = {A. Krogh and J. Vedelsby},
    title = {Neural network ensembles, cross
    validation and active learning},
    booktitle = {G. Tesauro, D. S. Touretzky,
    and T. K. Leen, editors, Advances in Neural Information
    Processing Systems-7},
    pages = {231--238},
    year = {1995},
}

@inproceedings{tumer99:whyens,
    author = {K. Tumer and J. Ghosh},
    title = {Linear and order statistics combiners for pattern classification},
    booktitle = {A. J. C. Sharkey, editor,
    Combining Artificial Neural Nets: Ensemble and Modular
    Multi-Net Systems},
    pages = {127--162},
    year = {1999},
}

@article{parhami94:voting,
    author = {Behrooz Parhami},
    title = {Voting Algorithms},
    booktitle = {IEEE Transaction on Reliability},
    volume = {43},
    number = {4}, 
    pages = {617--629},
    year = {1996},
}

@article{breiman93:regression,
    author = {Leo Breiman},
    title = {Stacked regression},
    booktitle = {Technical report 367, Department of Statistics, UC Berkeley},
    year = {1993},
}

@article{breiman94:bagging,
    author = {Leo Breiman},
    title = {Bagging prediction},
    booktitle = {Technical report 421, Department of Statistics, UC Berkeley},
    year = {1994},
}


@article{drucker94:boosting,
    author = {H. Drucker and C. Cortes and L. D. Jackel and Y. LeCun and V. Vapnik},
    title = {Boosting and other ensemble methods},
    booktitle = {Neural Computation},
    volume = {6},
    number = {6}, 
    pages = {1289--1301},
    year = {1994},
}
@article{freund97:boosting,
    author = {Yoav Freund and Robert Schapire},
    title = {A Decision Theoretic Generalization of On-line Learning and an Application to Boosting},
    booktitle = {Computer System Sciences},
    volume = {55},
    number = {1}, 
    pages = {119--139},
    year = {1997},
}






@inproceedings{oza01:thesis,
    author = {Nikunj C. Oza},
    title = {Online Ensemble Learning},
    booktitle = {Ph.D. thesis, Department of EECS, UC Berkeley},
    year = {2001},
}
@inproceedings{oza01:obagboost,
    author = {Nikunj C. Oza and Stuart Russell},
    title = {Online Bagging and Boosting},
    booktitle = {Artificial Intelligence and Statistics},
    pages = {105--112},
    year = {2001},
}

@inproceedings{oza01:comparison,
    author = {Nikunj C. Oza and Stuart Russell},
    title = {Experimental Comparisons of Online and Batch Versions of Bagging and Boosting},
    booktitle = {ACM SIGKDD},
    pages = {359--364},
    year = {2001},
}

@inproceedings{oza99:whyens,
    author = {Kagan Tumer and Nikunj C. Oza},
    title = {Decimated input ensembles for improved generalization},
    booktitle = {IJCNN},
    pages = {105--112},
    year = {1999},
}






@inproceedings{pelossof08:boosting,
    author = {Raphael Pelossof and Michael Jones and Ilia Vovsha and Cynthia Rudin},
    title = {Online coordinate boosting},
    year = {2008},
}

@inproceedings{wang03:accuweighted,
    author = {Haixun Wang and Wei Fan and Philip S. Yu and Jiawei Han},
    title = {Mining concept-drifting data streams using ensemble classifiers},
    booktitle = {SIGKDD},
    pages = {226--235},
    year = {2003},
}

@inproceedings{brzezinski11:accuupdated,
    author = {Dariusz Brzezinski and Jerzy Stefanowski},
    title = {Accuracy Updated Ensemble for Data Streams with Concept Drift},
    booktitle = {HAIS},
    pages = {155--163},
    year = {2011},
}

@inproceedings{bifet09:asht,
    author = {Albert Bifet and Geoff Holmes and Bernhard Pfahringer and Richard Kirkby and Ricard Gavald\`a},
    title = {New ensemble methods for evolving data streams},
    booktitle = {SIGKDD},
    pages = {139--148},
    year = {2009},
}
@inproceedings{bifet10:levbag,
    author = {Albert Bifet and Geoff Holmes and Bernhard Pfahringer},
    title = {Leveraging Bagging for Evolving Data Streams},
    booktitle = {ECML PKDD},
    pages = {135--150},
    year = {2010},
}

@article{bifet10:rht,
    author = {Albert Bifet and Eibe Frank and Geoff Holmes and Bernhard Pfahringer},
    title = { Accurate Ensembles for Data Streams: Combining Restricted Hoeffding Trees using Stacking},
    booktitle = {Machine Learning Research},
    volume = {13},
    pages = {225--240},
    year = {2010},
}

@article{fisher22:suffstat,
    author = {R. A. Fisher},
    title = { On the mathematical foundations of theoretical statistics},
    booktitle = {Philosophical Transactions of the Royal Society},
    volume = {222},
    pages = {309--368},
    year = {1922},
}

